<?xml version="1.0" encoding="UTF-8"?><collection><record><leader>05345ntm a2200601 a 4500</leader><controlfield tag="001">006814652</controlfield><controlfield tag="003">MiAaHDL</controlfield><controlfield tag="005">20190719000000.0</controlfield><controlfield tag="006">m        d        </controlfield><controlfield tag="007">cr bn ---auaua</controlfield><controlfield tag="008">090609s15uu    xx            00| ||per d</controlfield><datafield tag="035" ind1=" " ind2=" "><subfield code="a">(MiU)006814652</subfield></datafield><datafield tag="035" ind1=" " ind2=" "><subfield code="a">sdr-miu006814652</subfield></datafield><datafield tag="040" ind1=" " ind2=" "><subfield code="a">MiU</subfield><subfield code="c">MiU</subfield><subfield code="e">amremm</subfield></datafield><datafield tag="041" ind1="0" ind2=" "><subfield code="a">per</subfield></datafield><datafield tag="043" ind1=" " ind2=" "><subfield code="a">n-us-mi</subfield></datafield><datafield tag="100" ind1="1" ind2=" "><subfield code="6">880-01</subfield><subfield code="a">Aḥrār, ʻUbayd Allāh ibn Maḥmūd,</subfield><subfield code="d">1403 or 1404-1489 or 1490.</subfield></datafield><datafield tag="245" ind1="1" ind2="0"><subfield code="6">880-03</subfield><subfield code="a">Sharḥ-i Rubāʻī-i Abī Saʻīd Abī al-Khayr,</subfield><subfield code="f">[16th century?].</subfield></datafield><datafield tag="246" ind1="3" ind2=" "><subfield code="a">رسالة الحورائة في شرح قصيدة السلطان العارف أبي سعيد أبي الخير</subfield></datafield><datafield tag="246" ind1="3" ind2=" "><subfield code="6">880-04</subfield><subfield code="a">رسالۀ حورائیه</subfield></datafield><datafield tag="246" ind1="3" ind2=" "><subfield code="a">شرح رباعى ابي سعيد ابي الخير</subfield></datafield><datafield tag="260" ind1=" " ind2=" "><subfield code="c">[15--?].</subfield></datafield><datafield tag="300" ind1=" " ind2=" "><subfield code="a">8 leaves :</subfield><subfield code="b">paper ;</subfield><subfield code="c">218 x 140 mm.</subfield></datafield><datafield tag="500" ind1=" " ind2=" "><subfield code="a">Shelfmark: Ann Arbor, University of Michigan, Special Collections Library, Isl. Ms. 434</subfield></datafield><datafield tag="500" ind1=" " ind2=" "><subfield code="a">Origin: Lacks dated colophon ; paper, etc. may suggest 16th century.</subfield></datafield><datafield tag="500" ind1=" " ind2=" "><subfield code="a">Former shelfmark: "383 T. De M. [i.e. Tammaro De Marinis]" inscribed in pencil on interior of upper cover ; "232" inscribed in pencil on 'title page'.</subfield></datafield><datafield tag="500" ind1=" " ind2=" "><subfield code="a">Binding: Pasteboards covered in marbled paper (kumlu or kılçıklı ebru in blue, green, yellow and white) with red leather over spine ; Type III (without flap) ; board linings in European laid paper (three hats watermark) ; resewn in white thread ; overall in fair condition with some abrasion, staining, etc.</subfield></datafield><datafield tag="500" ind1=" " ind2=" "><subfield code="a">Support: non-European laid paper with roughly 8 laid lines per cm. (vertical, somewhat indistinct) and no chain lines plainly visible, cloudy formation, fairly thick and sturdy, quite well-burnished.</subfield></datafield><datafield tag="500" ind1=" " ind2=" "><subfield code="a">Decoration: Superb illuminated headpiece (ʻunwān/sarlawḥ) at opening consisting of rectangular piece with cartouche carrying the basmalah in white on a field of lapis lazuli overlaid with a swirling vegetal pattern in gold, surrounded by a delicate vegetal pattern in black with chi clouds in light blue on a field of gold, with entire piece bordered in green or turquoise band ; rectangular piece surmounted by scalloped three semi-circular pieces (domes) filled with a similar delicate vegetal pattern in gold on fields of lapis lazuli, with further gold accents and chi clouds in light blue, all surmounted by vertical stalks (tīgh) ; written area very delicately gold-flecked and surrounded by heavy gold band ; keywords and text of ḥadīth and Qurʼānic excerpts, etc. chrysographed.</subfield></datafield><datafield tag="500" ind1=" " ind2=" "><subfield code="a">Script: Nastaʻlīq ; exquisite hand ; serifless with characteristic descent of words to baseline and superscripting of final words and letters ; elongation of horizontal strokes ; exaggerated contrast between thickness of horizontal and vertical strokes; text of keywords, text of Qurʼānic excerpts, quoted ḥadīth, etc. in tawqīʻ with tilt to the left and right-sloping head-serif.</subfield></datafield><datafield tag="500" ind1=" " ind2=" "><subfield code="a">Layout: Written in 11 lines per page ; frame-ruled.</subfield></datafield><datafield tag="500" ind1=" " ind2=" "><subfield code="a">Collation: i, III+2 (8), i ; catchwords present.</subfield></datafield><datafield tag="500" ind1=" " ind2=" "><subfield code="a">Explicit: "و او از معنی این رباعی حالت رجوع بآن جناب فهم کند البته اورا سروری بیدا شود زیرا که خاصیت محبت آنست که محب را هیج لذتی بهتر از ملاقات محبوب نباشد تمت الرسالة"</subfield></datafield><datafield tag="500" ind1=" " ind2=" "><subfield code="a">Incipit: "الحمد لله فیاض الحکم والمواهب وموصل الطالبین الی المطالب ... اما بعد بدانکه این فقیر را بسی شغف مى بود بدانستن رباعی قطب الاولیا سلطان ابی سعید ابی الخیر قدس الله روحه ورباعی اینست حورا بناظره نگارم صف زد رضوان ز تعجب کف خود بر کف زد..."</subfield></datafield><datafield tag="500" ind1=" " ind2=" "><subfield code="a">Title from inscription on front flyleaf.</subfield></datafield><datafield tag="500" ind1=" " ind2=" "><subfield code="a">Ms. codex.</subfield></datafield><datafield tag="510" ind1="4" ind2=" "><subfield code="a">Cat. Pers. MSS. Brit. Mus,</subfield><subfield code="c">p. 862 b</subfield></datafield><datafield tag="510" ind1="4" ind2=" "><subfield code="a">Khvājah ʻUbayd Allāh Aḥrār, Risālah-ʼi ḥawrāʼīyah. In Muḥammad ibn al-Munavvar, Asrār al-tawḥīd fī maqāmāt al-Shaykh Abī Saʻīd, ed. V. A. Zhukovskii. St. Petersburg, 1899.</subfield><subfield code="c">pp.489-493</subfield></datafield><datafield tag="520" ind1="8" ind2=" "><subfield code="a">Elegant copy of a commentary by the Naqshbandī shaykh Aḥrār (d.1490) on the quatrain (rubāʻī) known as the Ḥawrāʼīyah attributed to the famous mystic Abū Saʻīd ibn Abī al-Khayr (d.1049).</subfield></datafield><datafield tag="538" ind1=" " ind2=" "><subfield code="a">Mode of access: Internet.</subfield></datafield><datafield tag="541" ind1=" " ind2=" "><subfield code="c">Purchase ;</subfield><subfield code="a">Acquired by purchase (funds donated by Horace Rackham).</subfield><subfield code="d">1924.</subfield></datafield><datafield tag="546" ind1=" " ind2=" "><subfield code="a">Persian.</subfield></datafield><datafield tag="561" ind1=" " ind2=" "><subfield code="a">Occasional marginal corrections.</subfield></datafield><datafield tag="600" ind1="0" ind2="0"><subfield code="a">Abū Saʻīd ibn Abī al-Khayr,</subfield><subfield code="d">967-1049.</subfield><subfield code="t">Poems.</subfield></datafield><datafield tag="650" ind1=" " ind2="0"><subfield code="a">Manuscripts, Persian</subfield><subfield code="z">Michigan</subfield><subfield code="z">Ann Arbor.</subfield></datafield><datafield tag="650" ind1=" " ind2="0"><subfield code="a">Quatrains, Persian.</subfield></datafield><datafield tag="650" ind1=" " ind2="0"><subfield code="a">Persian poetry</subfield><subfield code="y">747-1500.</subfield></datafield><datafield tag="650" ind1=" " ind2="0"><subfield code="a">Sufi poetry, Persian</subfield><subfield code="v">Early works to 1800.</subfield></datafield><datafield tag="700" ind1="0" ind2=" "><subfield code="a">Abdülhamid</subfield><subfield code="b">II,</subfield><subfield code="c">Sultan of the Turks,</subfield><subfield code="d">1842-1918,</subfield><subfield code="e">former owner.</subfield></datafield><datafield tag="773" ind1="0" ind2=" "><subfield code="a">Abdul Hamid Collection.</subfield></datafield><datafield tag="880" ind1="3" ind2=" "><subfield code="6">246-04/</subfield><subfield code="a">Risālah-ʼi Ḥawrāʼīyah</subfield></datafield><datafield tag="880" ind1="1" ind2="0"><subfield code="6">245-03/</subfield><subfield code="a">شرح رباعی ابی سعید ابی الخیر،</subfield><subfield code="f">[قرن 16م؟].</subfield></datafield><datafield tag="880" ind1="1" ind2=" "><subfield code="6">100-01/</subfield><subfield code="a">احرار، عبيد الله بن محمود.</subfield></datafield><datafield tag="CID" ind1=" " ind2=" "><subfield code="a">006814652</subfield></datafield><datafield tag="DAT" ind1="0" ind2=" "><subfield code="a">20190719102638.0</subfield><subfield code="b">20190719000000.0</subfield></datafield><datafield tag="DAT" ind1="1" ind2=" "><subfield code="a">20190719090653.0</subfield><subfield code="b">2019-07-19T16:12:09Z</subfield></datafield><datafield tag="DAT" ind1="2" ind2=" "><subfield code="a">2015-10-02T18:00:03Z</subfield></datafield><datafield tag="CAT" ind1=" " ind2=" "><subfield code="a">SDR-MIU</subfield><subfield code="d">EX LIBRIS - ALEPH</subfield><subfield code="l">prepare.pl-004-008</subfield></datafield><datafield tag="FMT" ind1=" " ind2=" "><subfield code="a">BK</subfield></datafield><datafield tag="HOL" ind1=" " ind2=" "><subfield code="0">sdr-miu006814652</subfield><subfield code="a">MiU</subfield><subfield code="b">SDR</subfield><subfield code="c">MIU</subfield><subfield code="p">mdp.39015079129113</subfield><subfield code="s">MIU</subfield><subfield code="1">006814652</subfield></datafield><datafield tag="974" ind1=" " ind2=" "><subfield code="b">MIU</subfield><subfield code="c">MIU</subfield><subfield code="d">20190719</subfield><subfield code="s">lit-dlps-dc</subfield><subfield code="u">mdp.39015079129113</subfield><subfield code="y">1599</subfield><subfield code="r">pd</subfield><subfield code="q">bib</subfield><subfield code="t">non-US bib date1 &lt; 1879</subfield></datafield></record></collection>